%YAML 1.1
%TAG !u! tag:unity3d.com,2011:
--- !u!29 &1
SceneSettings:
  m_ObjectHideFlags: 0
  m_PVSData: 
  m_PVSObjectsArray: []
  m_PVSPortalsArray: []
  m_OcclusionBakeSettings:
    smallestOccluder: 5
    smallestHole: 0.25
    backfaceThreshold: 100
--- !u!104 &2
RenderSettings:
  m_ObjectHideFlags: 0
  serializedVersion: 7
  m_Fog: 1
  m_FogColor: {r: 0.10980392, g: 0.10980392, b: 0.10980392, a: 0.007843138}
  m_FogMode: 3
  m_FogDensity: 0.09
  m_LinearFogStart: 0
  m_LinearFogEnd: 300
  m_AmbientSkyColor: {r: 0, g: 0, b: 0, a: 1}
  m_AmbientEquatorColor: {r: 0, g: 0, b: 0, a: 1}
  m_AmbientGroundColor: {r: 0, g: 0, b: 0, a: 1}
  m_AmbientIntensity: 1
  m_AmbientMode: 1
  m_SkyboxMaterial: {fileID: 10304, guid: 0000000000000000f000000000000000, type: 0}
  m_HaloStrength: 0.5
  m_FlareStrength: 1
  m_FlareFadeSpeed: 3
  m_HaloTexture: {fileID: 0}
  m_SpotCookie: {fileID: 10001, guid: 0000000000000000e000000000000000, type: 0}
  m_DefaultReflectionMode: 0
  m_DefaultReflectionResolution: 128
  m_ReflectionBounces: 1
  m_ReflectionIntensity: 1
  m_CustomReflection: {fileID: 0}
  m_Sun: {fileID: 0}
  m_IndirectSpecularColor: {r: 0.12758532, g: 0.13438144, b: 0.121170156, a: 1}
--- !u!157 &3
LightmapSettings:
  m_ObjectHideFlags: 0
  serializedVersion: 7
  m_GIWorkflowMode: 0
  m_GISettings:
    serializedVersion: 2
    m_BounceScale: 1
    m_IndirectOutputScale: 1
    m_AlbedoBoost: 1
    m_TemporalCoherenceThreshold: 1
    m_EnvironmentLightingMode: 0
    m_EnableBakedLightmaps: 1
    m_EnableRealtimeLightmaps: 1
  m_LightmapEditorSettings:
    serializedVersion: 4
    m_Resolution: 2
    m_BakeResolution: 40
    m_TextureWidth: 1024
    m_TextureHeight: 1024
    m_AO: 0
    m_AOMaxDistance: 1
    m_CompAOExponent: 1
    m_CompAOExponentDirect: 0
    m_Padding: 2
    m_LightmapParameters: {fileID: 0}
    m_LightmapsBakeMode: 1
    m_TextureCompression: 1
    m_DirectLightInLightProbes: 1
    m_FinalGather: 0
    m_FinalGatherFiltering: 1
    m_FinalGatherRayCount: 256
    m_ReflectionCompression: 2
  m_LightingDataAsset: {fileID: 0}
  m_RuntimeCPUUsage: 25
--- !u!196 &4
NavMeshSettings:
  serializedVersion: 2
  m_ObjectHideFlags: 0
  m_BuildSettings:
    serializedVersion: 2
    agentRadius: 0.3
    agentHeight: 0.5
    agentSlope: 45
    agentClimb: 0.4
    ledgeDropHeight: 0
    maxJumpAcrossDistance: 0
    accuratePlacement: 0
    minRegionArea: 2
    cellSize: 0.05
    manualCellSize: 1
  m_NavMeshData: {fileID: 23800000, guid: d0498c609dd684b44aad823b9822e0dd, type: 2}
--- !u!1001 &122103058
Prefab:
  m_ObjectHideFlags: 0
  serializedVersion: 2
  m_Modification:
    m_TransformParent: {fileID: 1839423736}
    m_Modifications:
    - target: {fileID: 4000010217414286, guid: 8a2aa33301c5c124185c890c1bfcea72, type: 2}
      propertyPath: m_LocalPosition.x
      value: 9.2
      objectReference: {fileID: 0}
    - target: {fileID: 4000010217414286, guid: 8a2aa33301c5c124185c890c1bfcea72, type: 2}
      propertyPath: m_LocalPosition.y
      value: 0
      objectReference: {fileID: 0}
    - target: {fileID: 4000010217414286, guid: 8a2aa33301c5c124185c890c1bfcea72, type: 2}
      propertyPath: m_LocalPosition.z
      value: -10
      objectReference: {fileID: 0}
    - target: {fileID: 4000010217414286, guid: 8a2aa33301c5c124185c890c1bfcea72, type: 2}
      propertyPath: m_LocalRotation.x
      value: -0
      objectReference: {fileID: 0}
    - target: {fileID: 4000010217414286, guid: 8a2aa33301c5c124185c890c1bfcea72, type: 2}
      propertyPath: m_LocalRotation.y
      value: -0
      objectReference: {fileID: 0}
    - target: {fileID: 4000010217414286, guid: 8a2aa33301c5c124185c890c1bfcea72, type: 2}
      propertyPath: m_LocalRotation.z
      value: -0
      objectReference: {fileID: 0}
    - target: {fileID: 4000010217414286, guid: 8a2aa33301c5c124185c890c1bfcea72, type: 2}
      propertyPath: m_LocalRotation.w
      value: 1
      objectReference: {fileID: 0}
    - target: {fileID: 4000010217414286, guid: 8a2aa33301c5c124185c890c1bfcea72, type: 2}
      propertyPath: m_RootOrder
      value: 2
      objectReference: {fileID: 0}
    - target: {fileID: 1000013947342884, guid: 8a2aa33301c5c124185c890c1bfcea72, type: 2}
      propertyPath: m_Name
      value: SpawnPoint3
      objectReference: {fileID: 0}
    m_RemovedComponents: []
  m_ParentPrefab: {fileID: 100100000, guid: 8a2aa33301c5c124185c890c1bfcea72, type: 2}
  m_IsPrefabParent: 0
--- !u!1 &218849812
GameObject:
  m_ObjectHideFlags: 0
  m_PrefabParentObject: {fileID: 0}
  m_PrefabInternal: {fileID: 0}
  serializedVersion: 4
  m_Component:
  - 4: {fileID: 218849815}
  - 114: {fileID: 218849814}
  - 114: {fileID: 218849813}
  m_Layer: 0
  m_Name: EventSystem
  m_TagString: Untagged
  m_Icon: {fileID: 0}
  m_NavMeshLayer: 0
  m_StaticEditorFlags: 0
  m_IsActive: 1
--- !u!114 &218849813
MonoBehaviour:
  m_ObjectHideFlags: 0
  m_PrefabParentObject: {fileID: 0}
  m_PrefabInternal: {fileID: 0}
  m_GameObject: {fileID: 218849812}
  m_Enabled: 1
  m_EditorHideFlags: 0
  m_Script: {fileID: 1077351063, guid: f5f67c52d1564df4a8936ccd202a3bd8, type: 3}
  m_Name: 
  m_EditorClassIdentifier: 
  m_HorizontalAxis: Horizontal
  m_VerticalAxis: Vertical
  m_SubmitButton: Submit
  m_CancelButton: Cancel
  m_InputActionsPerSecond: 10
  m_RepeatDelay: 0.5
  m_ForceModuleActive: 0
--- !u!114 &218849814
MonoBehaviour:
  m_ObjectHideFlags: 0
  m_PrefabParentObject: {fileID: 0}
  m_PrefabInternal: {fileID: 0}
  m_GameObject: {fileID: 218849812}
  m_Enabled: 1
  m_EditorHideFlags: 0
  m_Script: {fileID: -619905303, guid: f5f67c52d1564df4a8936ccd202a3bd8, type: 3}
  m_Name: 
  m_EditorClassIdentifier: 
  m_FirstSelected: {fileID: 0}
  m_sendNavigationEvents: 1
  m_DragThreshold: 5
--- !u!4 &218849815
Transform:
  m_ObjectHideFlags: 0
  m_PrefabParentObject: {fileID: 0}
  m_PrefabInternal: {fileID: 0}
  m_GameObject: {fileID: 218849812}
  m_LocalRotation: {x: 0, y: 0, z: 0, w: 1}
  m_LocalPosition: {x: 0, y: 0, z: 0}
  m_LocalScale: {x: 1, y: 1, z: 1}
  m_LocalEulerAnglesHint: {x: 0, y: 0, z: 0}
  m_Children: []
  m_Father: {fileID: 0}
  m_RootOrder: 6
--- !u!1 &464592923 stripped
GameObject:
  m_PrefabParentObject: {fileID: 1000012924816792, guid: 811c2873ab7195147bb23d84f50cff6c,
    type: 2}
  m_PrefabInternal: {fileID: 774583460}
--- !u!4 &464592924 stripped
Transform:
  m_PrefabParentObject: {fileID: 4000013340258958, guid: 811c2873ab7195147bb23d84f50cff6c,
    type: 2}
  m_PrefabInternal: {fileID: 774583460}
--- !u!1001 &534312148
Prefab:
  m_ObjectHideFlags: 0
  serializedVersion: 2
  m_Modification:
    m_TransformParent: {fileID: 0}
    m_Modifications:
    - target: {fileID: 4000013320771336, guid: e5bebdbcc7aa7b64099079e748fd01a5, type: 2}
      propertyPath: m_RootOrder
      value: 5
      objectReference: {fileID: 0}
    - target: {fileID: 1000010527169836, guid: e5bebdbcc7aa7b64099079e748fd01a5, type: 2}
      propertyPath: m_StaticEditorFlags
      value: 8
      objectReference: {fileID: 0}
    - target: {fileID: 4000013320771336, guid: e5bebdbcc7aa7b64099079e748fd01a5, type: 2}
      propertyPath: m_LocalScale.x
      value: 3
      objectReference: {fileID: 0}
    - target: {fileID: 4000013320771336, guid: e5bebdbcc7aa7b64099079e748fd01a5, type: 2}
      propertyPath: m_LocalScale.z
      value: 3
      objectReference: {fileID: 0}
    - target: {fileID: 23000010061917174, guid: e5bebdbcc7aa7b64099079e748fd01a5,
        type: 2}
      propertyPath: m_Enabled
      value: 1
      objectReference: {fileID: 0}
    - target: {fileID: 1000010527169836, guid: e5bebdbcc7aa7b64099079e748fd01a5, type: 2}
      propertyPath: m_Name
      value: MazeRoof
      objectReference: {fileID: 0}
    - target: {fileID: 4000013320771336, guid: e5bebdbcc7aa7b64099079e748fd01a5, type: 2}
      propertyPath: m_LocalRotation.z
      value: 1
      objectReference: {fileID: 0}
    - target: {fileID: 4000013320771336, guid: e5bebdbcc7aa7b64099079e748fd01a5, type: 2}
      propertyPath: m_LocalRotation.w
      value: 0
      objectReference: {fileID: 0}
    - target: {fileID: 4000013320771336, guid: e5bebdbcc7aa7b64099079e748fd01a5, type: 2}
      propertyPath: m_LocalEulerAnglesHint.z
      value: 180
      objectReference: {fileID: 0}
    - target: {fileID: 4000013320771336, guid: e5bebdbcc7aa7b64099079e748fd01a5, type: 2}
      propertyPath: m_LocalPosition.y
      value: 0.5
      objectReference: {fileID: 0}
    - target: {fileID: 23000010061917174, guid: e5bebdbcc7aa7b64099079e748fd01a5,
        type: 2}
      propertyPath: m_Materials.Array.data[0]
      value: 
      objectReference: {fileID: 2100000, guid: a7518e1f42be1da45bf2bac57674517a, type: 2}
    m_RemovedComponents: []
  m_ParentPrefab: {fileID: 100100000, guid: e5bebdbcc7aa7b64099079e748fd01a5, type: 2}
  m_IsPrefabParent: 0
--- !u!1001 &774583460
Prefab:
  m_ObjectHideFlags: 0
  serializedVersion: 2
  m_Modification:
    m_TransformParent: {fileID: 1839423736}
    m_Modifications:
    - target: {fileID: 4000013340258958, guid: 811c2873ab7195147bb23d84f50cff6c, type: 2}
      propertyPath: m_LocalPosition.x
      value: -9.4
      objectReference: {fileID: 0}
    - target: {fileID: 4000013340258958, guid: 811c2873ab7195147bb23d84f50cff6c, type: 2}
      propertyPath: m_LocalPosition.y
      value: 0
      objectReference: {fileID: 0}
    - target: {fileID: 4000013340258958, guid: 811c2873ab7195147bb23d84f50cff6c, type: 2}
      propertyPath: m_LocalPosition.z
      value: -10
      objectReference: {fileID: 0}
    - target: {fileID: 4000013340258958, guid: 811c2873ab7195147bb23d84f50cff6c, type: 2}
      propertyPath: m_LocalRotation.x
      value: -0
      objectReference: {fileID: 0}
    - target: {fileID: 4000013340258958, guid: 811c2873ab7195147bb23d84f50cff6c, type: 2}
      propertyPath: m_LocalRotation.y
      value: -0
      objectReference: {fileID: 0}
    - target: {fileID: 4000013340258958, guid: 811c2873ab7195147bb23d84f50cff6c, type: 2}
      propertyPath: m_LocalRotation.z
      value: -0
      objectReference: {fileID: 0}
    - target: {fileID: 4000013340258958, guid: 811c2873ab7195147bb23d84f50cff6c, type: 2}
      propertyPath: m_LocalRotation.w
      value: 1
      objectReference: {fileID: 0}
    - target: {fileID: 4000013340258958, guid: 811c2873ab7195147bb23d84f50cff6c, type: 2}
      propertyPath: m_RootOrder
      value: 3
      objectReference: {fileID: 0}
    - target: {fileID: 1000012924816792, guid: 811c2873ab7195147bb23d84f50cff6c, type: 2}
      propertyPath: m_Name
      value: SpawnPoint4
      objectReference: {fileID: 0}
    m_RemovedComponents: []
  m_ParentPrefab: {fileID: 100100000, guid: 811c2873ab7195147bb23d84f50cff6c, type: 2}
  m_IsPrefabParent: 0
--- !u!1 &889129632 stripped
GameObject:
  m_PrefabParentObject: {fileID: 1000011406683730, guid: 6e5b2c230bfa5ae4d8ff57d3377515ef,
    type: 2}
  m_PrefabInternal: {fileID: 2091588864}
--- !u!82 &889129633
AudioSource:
  m_ObjectHideFlags: 0
  m_PrefabParentObject: {fileID: 0}
  m_PrefabInternal: {fileID: 0}
  m_GameObject: {fileID: 889129632}
  m_Enabled: 1
  serializedVersion: 4
  OutputAudioMixerGroup: {fileID: 0}
  m_audioClip: {fileID: 8300000, guid: 734e75c721dfcff4da765c1261d74a37, type: 3}
  m_PlayOnAwake: 1
  m_Volume: 0.3
  m_Pitch: 1
  Loop: 1
  Mute: 0
  Spatialize: 0
  Priority: 128
  DopplerLevel: 1
  MinDistance: 1
  MaxDistance: 500
  Pan2D: 0
  rolloffMode: 0
  BypassEffects: 0
  BypassListenerEffects: 0
  BypassReverbZones: 0
  rolloffCustomCurve:
    serializedVersion: 2
    m_Curve:
    - time: 0
      value: 1
      inSlope: 0
      outSlope: 0
      tangentMode: 0
    - time: 1
      value: 0
      inSlope: 0
      outSlope: 0
      tangentMode: 0
    m_PreInfinity: 2
    m_PostInfinity: 2
    m_RotationOrder: 4
  panLevelCustomCurve:
    serializedVersion: 2
    m_Curve:
    - time: 0
      value: 0
      inSlope: 0
      outSlope: 0
      tangentMode: 0
    m_PreInfinity: 2
    m_PostInfinity: 2
    m_RotationOrder: 0
  spreadCustomCurve:
    serializedVersion: 2
    m_Curve:
    - time: 0
      value: 0
      inSlope: 0
      outSlope: 0
      tangentMode: 0
    m_PreInfinity: 2
    m_PostInfinity: 2
    m_RotationOrder: 0
  reverbZoneMixCustomCurve:
    serializedVersion: 2
    m_Curve:
    - time: 0
      value: 1
      inSlope: 0
      outSlope: 0
      tangentMode: 0
    m_PreInfinity: 2
    m_PostInfinity: 2
    m_RotationOrder: 0
--- !u!1 &1033456361 stripped
GameObject:
  m_PrefabParentObject: {fileID: 1000013947342884, guid: 8a2aa33301c5c124185c890c1bfcea72,
    type: 2}
  m_PrefabInternal: {fileID: 122103058}
--- !u!4 &1033456362 stripped
Transform:
  m_PrefabParentObject: {fileID: 4000010217414286, guid: 8a2aa33301c5c124185c890c1bfcea72,
    type: 2}
  m_PrefabInternal: {fileID: 122103058}
--- !u!1 &1057814782
GameObject:
  m_ObjectHideFlags: 0
  m_PrefabParentObject: {fileID: 0}
  m_PrefabInternal: {fileID: 0}
  serializedVersion: 4
  m_Component:
  - 4: {fileID: 1057814784}
  - 114: {fileID: 1057814783}
  m_Layer: 0
  m_Name: Maze Generator
  m_TagString: Untagged
  m_Icon: {fileID: 0}
  m_NavMeshLayer: 0
  m_StaticEditorFlags: 0
  m_IsActive: 1
--- !u!114 &1057814783
MonoBehaviour:
  m_ObjectHideFlags: 0
  m_PrefabParentObject: {fileID: 0}
  m_PrefabInternal: {fileID: 0}
  m_GameObject: {fileID: 1057814782}
  m_Enabled: 1
  m_EditorHideFlags: 0
  m_Script: {fileID: 11500000, guid: 2d0880110d0a8dc4dbf47a9488bbd12b, type: 3}
  m_Name: 
  m_EditorClassIdentifier: 
  Entrance: {fileID: 0}
  Exit: {fileID: 0}
  Wall: {fileID: 1000011943136964, guid: 57530a40c82ded942b6358f451da6eb0, type: 2}
  wallLength: 1
  xSize: 20
  ySize: 20
  cells: []
  currentCell: 0
  glassHazard: {fileID: 1000013364079094, guid: e8762523c3e30b14b8fb6e2254ea63bd,
    type: 2}
  waterHazard: {fileID: 1000013900799618, guid: 01847159aea767348ade7c701a7b3dda,
    type: 2}
--- !u!4 &1057814784
Transform:
  m_ObjectHideFlags: 0
  m_PrefabParentObject: {fileID: 0}
  m_PrefabInternal: {fileID: 0}
  m_GameObject: {fileID: 1057814782}
  m_LocalRotation: {x: 0, y: 0, z: 0, w: 1}
  m_LocalPosition: {x: 0, y: 0, z: 0}
  m_LocalScale: {x: 1, y: 1, z: 1}
  m_LocalEulerAnglesHint: {x: 0, y: 0, z: 0}
  m_Children: []
  m_Father: {fileID: 0}
  m_RootOrder: 4
--- !u!1001 &1074538594
Prefab:
  m_ObjectHideFlags: 0
  serializedVersion: 2
  m_Modification:
    m_TransformParent: {fileID: 1839423736}
    m_Modifications:
    - target: {fileID: 4000013534230086, guid: 8790977f795c414448b8984bd9045f1d, type: 2}
      propertyPath: m_LocalPosition.x
      value: 9.35
      objectReference: {fileID: 0}
    - target: {fileID: 4000013534230086, guid: 8790977f795c414448b8984bd9045f1d, type: 2}
      propertyPath: m_LocalPosition.y
      value: 0
      objectReference: {fileID: 0}
    - target: {fileID: 4000013534230086, guid: 8790977f795c414448b8984bd9045f1d, type: 2}
      propertyPath: m_LocalPosition.z
      value: 8.95
      objectReference: {fileID: 0}
    - target: {fileID: 4000013534230086, guid: 8790977f795c414448b8984bd9045f1d, type: 2}
      propertyPath: m_LocalRotation.x
      value: 0
      objectReference: {fileID: 0}
    - target: {fileID: 4000013534230086, guid: 8790977f795c414448b8984bd9045f1d, type: 2}
      propertyPath: m_LocalRotation.y
      value: 0
      objectReference: {fileID: 0}
    - target: {fileID: 4000013534230086, guid: 8790977f795c414448b8984bd9045f1d, type: 2}
      propertyPath: m_LocalRotation.z
      value: 0
      objectReference: {fileID: 0}
    - target: {fileID: 4000013534230086, guid: 8790977f795c414448b8984bd9045f1d, type: 2}
      propertyPath: m_LocalRotation.w
      value: 1
      objectReference: {fileID: 0}
    - target: {fileID: 4000013534230086, guid: 8790977f795c414448b8984bd9045f1d, type: 2}
      propertyPath: m_RootOrder
      value: 1
      objectReference: {fileID: 0}
    - target: {fileID: 1000013610854574, guid: 8790977f795c414448b8984bd9045f1d, type: 2}
      propertyPath: m_Name
      value: SpawnPoint2
      objectReference: {fileID: 0}
    m_RemovedComponents: []
  m_ParentPrefab: {fileID: 100100000, guid: 8790977f795c414448b8984bd9045f1d, type: 2}
  m_IsPrefabParent: 0
--- !u!1001 &1371660746
Prefab:
  m_ObjectHideFlags: 0
  serializedVersion: 2
  m_Modification:
    m_TransformParent: {fileID: 0}
    m_Modifications:
    - target: {fileID: 4000013320771336, guid: e5bebdbcc7aa7b64099079e748fd01a5, type: 2}
      propertyPath: m_RootOrder
      value: 2
      objectReference: {fileID: 0}
    - target: {fileID: 1000010527169836, guid: e5bebdbcc7aa7b64099079e748fd01a5, type: 2}
      propertyPath: m_StaticEditorFlags
      value: 8
      objectReference: {fileID: 0}
    - target: {fileID: 4000013320771336, guid: e5bebdbcc7aa7b64099079e748fd01a5, type: 2}
      propertyPath: m_LocalScale.x
      value: 3
      objectReference: {fileID: 0}
    - target: {fileID: 4000013320771336, guid: e5bebdbcc7aa7b64099079e748fd01a5, type: 2}
      propertyPath: m_LocalScale.z
      value: 3
      objectReference: {fileID: 0}
    - target: {fileID: 23000010061917174, guid: e5bebdbcc7aa7b64099079e748fd01a5,
        type: 2}
      propertyPath: m_Enabled
      value: 1
      objectReference: {fileID: 0}
    - target: {fileID: 23000010061917174, guid: e5bebdbcc7aa7b64099079e748fd01a5,
        type: 2}
      propertyPath: m_Materials.Array.data[0]
      value: 
      objectReference: {fileID: 2100000, guid: a7518e1f42be1da45bf2bac57674517a, type: 2}
    m_RemovedComponents: []
  m_ParentPrefab: {fileID: 100100000, guid: e5bebdbcc7aa7b64099079e748fd01a5, type: 2}
  m_IsPrefabParent: 0
--- !u!1 &1839423734
GameObject:
  m_ObjectHideFlags: 0
  m_PrefabParentObject: {fileID: 0}
  m_PrefabInternal: {fileID: 0}
  serializedVersion: 4
  m_Component:
  - 4: {fileID: 1839423736}
  - 114: {fileID: 1839423735}
  m_Layer: 0
  m_Name: SpawnManager
  m_TagString: Untagged
  m_Icon: {fileID: 0}
  m_NavMeshLayer: 0
  m_StaticEditorFlags: 0
  m_IsActive: 1
--- !u!114 &1839423735
MonoBehaviour:
  m_ObjectHideFlags: 0
  m_PrefabParentObject: {fileID: 0}
  m_PrefabInternal: {fileID: 0}
  m_GameObject: {fileID: 1839423734}
  m_Enabled: 1
  m_EditorHideFlags: 0
  m_Script: {fileID: 11500000, guid: 6e74d8854270e6d49835c9b449d9349e, type: 3}
  m_Name: 
  m_EditorClassIdentifier: 
  spawnPoints:
  - {fileID: 2138951911}
  - {fileID: 1893883328}
  - {fileID: 464592923}
  - {fileID: 1033456361}
  player: {fileID: 1000014168487458, guid: dde078226f075f04280264e411e33639, type: 2}
  enemy1: {fileID: 1000013539737522, guid: fc178a6a06948b144ac28af444b6d8df, type: 2}
  enemy2: {fileID: 1000013539737522, guid: ae776709079ea414ab3e3231bfaa168f, type: 2}
  winpoint: {fileID: 1000011239841010, guid: 4930555c1b6ea7942a338757140a0f8f, type: 2}
--- !u!4 &1839423736
Transform:
  m_ObjectHideFlags: 0
  m_PrefabParentObject: {fileID: 0}
  m_PrefabInternal: {fileID: 0}
  m_GameObject: {fileID: 1839423734}
  m_LocalRotation: {x: 0, y: 0, z: 0, w: 1}
  m_LocalPosition: {x: 0, y: 0, z: 0}
  m_LocalScale: {x: 1, y: 1, z: 1}
  m_LocalEulerAnglesHint: {x: 0, y: 0, z: 0}
  m_Children:
  - {fileID: 2138951912}
  - {fileID: 1893883329}
  - {fileID: 1033456362}
  - {fileID: 464592924}
  m_Father: {fileID: 0}
  m_RootOrder: 0
--- !u!1001 &1858305086
Prefab:
  m_ObjectHideFlags: 0
  serializedVersion: 2
  m_Modification:
    m_TransformParent: {fileID: 1839423736}
    m_Modifications:
    - target: {fileID: 4000011926743690, guid: 8a3b0adc53e6a2344a0dd5739aff4dad, type: 2}
      propertyPath: m_LocalPosition.x
      value: -9.65
      objectReference: {fileID: 0}
    - target: {fileID: 4000011926743690, guid: 8a3b0adc53e6a2344a0dd5739aff4dad, type: 2}
      propertyPath: m_LocalPosition.y
      value: 0
      objectReference: {fileID: 0}
    - target: {fileID: 4000011926743690, guid: 8a3b0adc53e6a2344a0dd5739aff4dad, type: 2}
      propertyPath: m_LocalPosition.z
      value: 8.5
      objectReference: {fileID: 0}
    - target: {fileID: 4000011926743690, guid: 8a3b0adc53e6a2344a0dd5739aff4dad, type: 2}
      propertyPath: m_LocalRotation.x
      value: -0
      objectReference: {fileID: 0}
    - target: {fileID: 4000011926743690, guid: 8a3b0adc53e6a2344a0dd5739aff4dad, type: 2}
      propertyPath: m_LocalRotation.y
      value: -0
      objectReference: {fileID: 0}
    - target: {fileID: 4000011926743690, guid: 8a3b0adc53e6a2344a0dd5739aff4dad, type: 2}
      propertyPath: m_LocalRotation.z
      value: -0
      objectReference: {fileID: 0}
    - target: {fileID: 4000011926743690, guid: 8a3b0adc53e6a2344a0dd5739aff4dad, type: 2}
      propertyPath: m_LocalRotation.w
      value: 1
      objectReference: {fileID: 0}
    - target: {fileID: 4000011926743690, guid: 8a3b0adc53e6a2344a0dd5739aff4dad, type: 2}
      propertyPath: m_RootOrder
      value: 0
      objectReference: {fileID: 0}
    - target: {fileID: 1000013189597514, guid: 8a3b0adc53e6a2344a0dd5739aff4dad, type: 2}
      propertyPath: m_Name
      value: SpawnPoint1
      objectReference: {fileID: 0}
    m_RemovedComponents: []
  m_ParentPrefab: {fileID: 100100000, guid: 8a3b0adc53e6a2344a0dd5739aff4dad, type: 2}
  m_IsPrefabParent: 0
--- !u!1 &1893883328 stripped
GameObject:
  m_PrefabParentObject: {fileID: 1000013610854574, guid: 8790977f795c414448b8984bd9045f1d,
    type: 2}
  m_PrefabInternal: {fileID: 1074538594}
--- !u!4 &1893883329 stripped
Transform:
  m_PrefabParentObject: {fileID: 4000013534230086, guid: 8790977f795c414448b8984bd9045f1d,
    type: 2}
  m_PrefabInternal: {fileID: 1074538594}
--- !u!1001 &2091588864
Prefab:
  m_ObjectHideFlags: 0
  serializedVersion: 2
  m_Modification:
    m_TransformParent: {fileID: 0}
    m_Modifications:
    - target: {fileID: 4000010896744694, guid: 6e5b2c230bfa5ae4d8ff57d3377515ef, type: 2}
      propertyPath: m_LocalPosition.x
      value: -0.61851215
      objectReference: {fileID: 0}
    - target: {fileID: 4000010896744694, guid: 6e5b2c230bfa5ae4d8ff57d3377515ef, type: 2}
      propertyPath: m_LocalPosition.y
      value: -0.5
      objectReference: {fileID: 0}
    - target: {fileID: 4000010896744694, guid: 6e5b2c230bfa5ae4d8ff57d3377515ef, type: 2}
      propertyPath: m_LocalPosition.z
      value: -0.735479
      objectReference: {fileID: 0}
    - target: {fileID: 4000010896744694, guid: 6e5b2c230bfa5ae4d8ff57d3377515ef, type: 2}
      propertyPath: m_LocalRotation.x
      value: 0
      objectReference: {fileID: 0}
    - target: {fileID: 4000010896744694, guid: 6e5b2c230bfa5ae4d8ff57d3377515ef, type: 2}
      propertyPath: m_LocalRotation.y
      value: 0
      objectReference: {fileID: 0}
    - target: {fileID: 4000010896744694, guid: 6e5b2c230bfa5ae4d8ff57d3377515ef, type: 2}
      propertyPath: m_LocalRotation.z
      value: 0
      objectReference: {fileID: 0}
    - target: {fileID: 4000010896744694, guid: 6e5b2c230bfa5ae4d8ff57d3377515ef, type: 2}
      propertyPath: m_LocalRotation.w
      value: 1
      objectReference: {fileID: 0}
    - target: {fileID: 4000010896744694, guid: 6e5b2c230bfa5ae4d8ff57d3377515ef, type: 2}
      propertyPath: m_RootOrder
      value: 12
      objectReference: {fileID: 0}
    - target: {fileID: 1000011952960100, guid: 6e5b2c230bfa5ae4d8ff57d3377515ef, type: 2}
      propertyPath: m_TagString
      value: GameManager
      objectReference: {fileID: 0}
    - target: {fileID: 4000010290304336, guid: 6e5b2c230bfa5ae4d8ff57d3377515ef, type: 2}
      propertyPath: m_RootOrder
      value: 1
      objectReference: {fileID: 0}
    m_RemovedComponents: []
  m_ParentPrefab: {fileID: 100100000, guid: 6e5b2c230bfa5ae4d8ff57d3377515ef, type: 2}
  m_IsPrefabParent: 0
--- !u!1 &2093972645
GameObject:
  m_ObjectHideFlags: 0
  m_PrefabParentObject: {fileID: 0}
  m_PrefabInternal: {fileID: 0}
  serializedVersion: 4
  m_Component:
  - 4: {fileID: 2093972647}
  - 114: {fileID: 2093972646}
  m_Layer: 0
  m_Name: EventManager
  m_TagString: Untagged
  m_Icon: {fileID: 0}
  m_NavMeshLayer: 0
  m_StaticEditorFlags: 0
  m_IsActive: 1
--- !u!114 &2093972646
MonoBehaviour:
  m_ObjectHideFlags: 0
  m_PrefabParentObject: {fileID: 0}
  m_PrefabInternal: {fileID: 0}
  m_GameObject: {fileID: 2093972645}
  m_Enabled: 1
  m_EditorHideFlags: 0
  m_Script: {fileID: 11500000, guid: b586187465567c64fbb2e4e33dbefb7a, type: 3}
  m_Name: 
  m_EditorClassIdentifier: 
--- !u!4 &2093972647
Transform:
  m_ObjectHideFlags: 0
  m_PrefabParentObject: {fileID: 0}
  m_PrefabInternal: {fileID: 0}
  m_GameObject: {fileID: 2093972645}
  m_LocalRotation: {x: 0, y: 0, z: 0, w: 1}
  m_LocalPosition: {x: 0, y: 0, z: 0}
  m_LocalScale: {x: 1, y: 1, z: 1}
  m_LocalEulerAnglesHint: {x: 0, y: 0, z: 0}
  m_Children: []
  m_Father: {fileID: 0}
  m_RootOrder: 3
--- !u!1 &2138951911 stripped
GameObject:
  m_PrefabParentObject: {fileID: 1000013189597514, guid: 8a3b0adc53e6a2344a0dd5739aff4dad,
    type: 2}
  m_PrefabInternal: {fileID: 1858305086}
--- !u!4 &2138951912 stripped
Transform:
  m_PrefabParentObject: {fileID: 4000011926743690, guid: 8a3b0adc53e6a2344a0dd5739aff4dad,
    type: 2}
  m_PrefabInternal: {fileID: 1858305086}
